<record><leader>01548cam a2200385 i 45 0</leader><controlfield tag="001">6849364</controlfield><controlfield tag="003">OCoLC</controlfield><controlfield tag="005">20150305175858.0</controlfield><controlfield tag="008">141009t20152015maua          001 0 eng d</controlfield><datafield ind1=" " ind2=" " tag="020"><subfield code="a">1285174305</subfield></datafield><datafield ind1=" " ind2=" " tag="020"><subfield code="a">9781285174303</subfield></datafield><datafield ind1=" " ind2=" " tag="020"><subfield code="a">9781285174150</subfield></datafield><datafield ind1=" " ind2=" " tag="020"><subfield code="a">1285174151</subfield></datafield><datafield ind1=" " ind2=" " tag="035"><subfield code="a">ocn892701870</subfield></datafield><datafield ind1=" " ind2=" " tag="040"><subfield code="a">YDXCP</subfield><subfield code="b">eng</subfield><subfield code="e">rda</subfield><subfield code="c">YDXCP</subfield><subfield code="d">BTCTA</subfield><subfield code="d">AEVC</subfield></datafield><datafield ind1=" " ind2=" " tag="060"><subfield code="a">QS 17</subfield></datafield><datafield ind1=" " ind2=" " tag="090"><subfield code="a">612 RIZ</subfield><subfield code="b">AEVC</subfield></datafield><datafield ind1=" " ind2=" " tag="090"><subfield code="a">QS 17 R528 2016</subfield><subfield code="b">AEMH</subfield></datafield><datafield ind1="1" ind2=" " tag="100"><subfield code="a">Rizzo, Donald C.,</subfield><subfield code="e">author.</subfield></datafield><datafield ind1="1" ind2="0" tag="245"><subfield code="a">Fundamentals of anatomy and physiology /</subfield><subfield code="c">Donald C. Rizzo, PhD.</subfield></datafield><datafield ind1=" " ind2="1" tag="264"><subfield code="a">Boston, MA :</subfield><subfield code="b">Cengage Learning,</subfield><subfield code="c">[2016]</subfield></datafield><datafield ind1=" " ind2="4" tag="264"><subfield code="c">&#169;2016</subfield></datafield><datafield ind1=" " ind2=" " tag="300"><subfield code="a">xxv, 532 pages :</subfield><subfield code="b">color illustrations ;</subfield><subfield code="c">29 cm</subfield></datafield><datafield ind1=" " ind2=" " tag="336"><subfield code="a">text</subfield><subfield code="b">txt</subfield><subfield code="2">rdacontent</subfield></datafield><datafield ind1=" " ind2=" " tag="337"><subfield code="a">unmediated</subfield><subfield code="b">n</subfield><subfield code="2">rdamedia</subfield></datafield><datafield ind1=" " ind2=" " tag="338"><subfield code="a">volume</subfield><subfield code="b">nc</subfield><subfield code="2">rdacarrier</subfield></datafield><datafield ind1=" " ind2=" " tag="500"><subfield code="a">Includes index.</subfield></datafield><datafield ind1=" " ind2=" " tag="596"><subfield code="a">3 18</subfield></datafield><datafield ind1=" " ind2="0" tag="650"><subfield code="a">Human physiology.</subfield></datafield><datafield ind1=" " ind2="0" tag="650"><subfield code="a">Human anatomy.</subfield></datafield><datafield ind1="1" ind2="2" tag="650"><subfield code="a">Anatomy.</subfield></datafield><datafield ind1=" " ind2=" " tag="926"><subfield code="a">612 RIZ</subfield><subfield code="w">DEWEY</subfield><subfield code="c">1</subfield><subfield code="i">33862001359284</subfield><subfield code="d">4/6/2017</subfield><subfield code="e">4/6/2017</subfield><subfield code="k">RESERVES</subfield><subfield code="l">ON_SHELF</subfield><subfield code="m">NORQ_MAIN</subfield><subfield code="n">135</subfield><subfield code="p">$108.95</subfield><subfield code="r">Y</subfield><subfield code="s">Y</subfield><subfield code="t">BOOK</subfield><subfield code="u">4/21/2015</subfield></datafield><datafield ind1=" " ind2=" " tag="926"><subfield code="a">612 RIZ</subfield><subfield code="w">DEWEY</subfield><subfield code="c">2</subfield><subfield code="i">33862001359292</subfield><subfield code="d">3/29/2017</subfield><subfield code="e">3/29/2017</subfield><subfield code="k">RESERVES</subfield><subfield code="l">ON_SHELF</subfield><subfield code="m">NORQ_MAIN</subfield><subfield code="n">127</subfield><subfield code="p">$108.95</subfield><subfield code="r">Y</subfield><subfield code="s">Y</subfield><subfield code="t">BOOK</subfield><subfield code="u">4/21/2015</subfield></datafield><datafield ind1=" " ind2=" " tag="926"><subfield code="a">612 RIZ</subfield><subfield code="w">DEWEY</subfield><subfield code="c">3</subfield><subfield code="i">33862001368079</subfield><subfield code="d">4/19/2016</subfield><subfield code="e">2/17/2016</subfield><subfield code="l">LIBUSE</subfield><subfield code="m">NORQ_MAIN</subfield><subfield code="n">1</subfield><subfield code="p">$148.51</subfield><subfield code="r">Y</subfield><subfield code="s">Y</subfield><subfield code="t">NO_LOAN</subfield><subfield code="u">2/12/2016</subfield></datafield><datafield ind1=" " ind2=" " tag="926"><subfield code="a">QS 17 R528 2016</subfield><subfield code="w">NLM</subfield><subfield code="c">1</subfield><subfield code="i">0163730124100</subfield><subfield code="d">1/2/2017</subfield><subfield code="e">12/16/2016</subfield><subfield code="k">INTRANSIT</subfield><subfield code="l">ON_SHELF</subfield><subfield code="m">COVENANTMH</subfield><subfield code="n">5</subfield><subfield code="p">$150.00</subfield><subfield code="r">Y</subfield><subfield code="s">Y</subfield><subfield code="t">BOOK</subfield><subfield code="u">5/10/2016</subfield><subfield code="o">.CIRCNOTE. Check for disc inside cover</subfield></datafield></record>